BibTeX-Datei zum thl-Package

@techreport{Beeler48,
    author={Beeler, De E. and Mayer, John P.},
    title={Measurement of the wing and tail loads during acceptance test of the {Bell}
        {XS-1} research airplane},
    institution={NASA Dryden Flight Research Center},
    year={1948},
    month=APR,
    address={Edwards, CA},
    number={NACA-RM-L7L12},
    url={www.dfrc.nasa.gov/DTRS/1948/index.html},
    language={english}
}

@article{Bhanu91a,
    author={Bhanu, Bir and Burger, Wilhelm},
    title={A qualitative approach to dynamic scene understanding},
    journal={Computer Vision, Graphics, and Image Processing: Image Understanding},
    volume={54},
    year={1991},
    pages={184-205},
    language={english}
}

@inproceedings{Burger87,
    author={Burger, Wilhelm and Bhanu, Bir},
    title={Qualitative Motion Understanding},
    booktitle={Proceedings of the Intl.\ Joint Conference on Artificial Intelligence},
    year={1987},
    month=MAY,
    publisher={Morgan Kaufmann Publishers},
    address={San Francisco},
    pages={819-821},
    language={english}
}

@article{Burger90,
    author={Burger, Wilhelm and Bhanu, Bir},
    title={Estimating {3-D} egomotion from perspective image sequences},
    journal={IEEE Transactions on Pattern Analysis and Machine Intelligence},
    volume={12},
    year={1990},
    pages={1040-1058},
    number={11},
    language={english}
}

@book{Burger92,
    author={Burger, Wilhelm and Bhanu, Bir},
    title={Qualitative Motion Understanding},
    publisher={Kluwer Academic Publishers},
    year={1992},
    language={english}
}

@manual{Carlisle99,
    author={Carlisle, D. P.},
    title={Packages in the {`graphics'} bundle},
    year={1999},
    month=JAN,
    url={www.tex.ac.uk/tex-archive/macros/latex/required/graphics/grfguide.pdf},
    language={english},
}

@manual{Cochran95,
    author={Cochran, Steven Douglas},
    title={The {\tt subfigure} Package},
    year={1995},
    month=MAR,
		url={www.tex.ac.uk/tex-archive/macros/latex/contrib/supported/subfigure/subfigure.pdf},
    language={english}
}

@book{Duden97,
    author={Christian, Friedrich},
    title={Schriftliche Arbeiten im technisch-natur\-wissen\-schaft\-lichen Studium: ein Leitfaden zur effektiven Erstellung und zum Einsatz moderner Arbeitsmethoden},
    publisher={Bibliographisches Institut},
    series={Duden Taschenbücher},
    volume={27},
    address={Mannheim},
    year={1997},
    language={german}
}

@incollection{Ears99,
    author={Burge, Mark and Burger, Wilhelm},
    title={Ear Biometrics},
    booktitle={Biometrics: Personal Identification in Networked Society},
    publisher={Kluwer Academic Publishers},
    year={1999},
    address={Boston},
    editor={Jain, Anil K. and Bolle Ruud and Pankanti Sharath},
    chapter={13},
    pages={273-285},
    language={english}
}

@phdthesis{Eberl87,
    author={Eberl, Gerhard},
    title={Automatischer Landeanflug durch Rechnersehen},
    school={Universität der Bundeswehr, Fakultät für Raum- und Luftfahrttechnik},
    year={1987},
    month=AUG,
    address={München},
    language={german}
}

@book{Faires34,
    author={Faires, V. M.},
    title={Design of Machine Elements},
    publisher={The Mac\-millan Com\-pany},
    year={1934},
    note={Originalausgabe 1920},
    language={english}
}

@article{Guttman01,
    author={Guttman, Erik},
    title={Autoconfiguration for {IP} Networking},
    journal={IEEE Internet Computing},
    volume={5},
    year={2001},
    pages={81-86},
    month=MAY # "/" # JUN,
    language={english}
}

@manual{Taylor96,
    author={Taylor, Paul and Dawson, Mark},
    title={Bibliography files in Hypatia},
    year={1996},
    month=JUN,
    url={http://hypatia.dcs.qmw.ac.uk/html/bibliography.html},
    language={english}
}

@book{Kopka93,
    author={Kopka, Helmut and Daly, Patrick William},
    title={A Guide to {LaTeX}},
    publisher={Addison--Wesley},
    year={1993},
    address={Reading, MA},
    language={english}
}

@book{Kopka98,
    author={Kopka, Helmut and Daly, Patric William},
    title={A Guide to LaTeX},
    publisher={Addison-Wesley},
    address={Reading, MA},
    year={1998},
    edition={3},
    language={english}
}

@misc{Kreisky75,
    author={Kreisky, Bruno},
    title={Kaffeehausgespräch zur Lage der Nation},
    year={1975},
    month=NOV,
    howpublished={Persönl.\ Gespräch},
    language={german}
}

@book{Lamport94,
    author={Lamport, Leslie},
    title={{LaTeX}, A Document Preparation System},
    publisher={Addison-Wesley},
    address={Reading, MA},
    year={1994},
    edition={2},
    language={english}
}

@book{Lamport95,
    author={Lamport, Leslie},
    title={Das {LaTeX}-Handbuch},
    publisher={Addison-Wesley},
    address={Reading, MA},
    year={1995},
    language={german}
}

@manual{Microsoft01,
    organization={Microsoft Corporation},
    title={Application Service Providers: Evolution and Resources},
    year={2001},
    month=JAN,
    url={www.microsoft.com/ISN/downloads/ASP.doc},
    note={Kopie auf CD-ROM},
    language={english}
}

@manual{Oetiker01,
    author={Oetiker, Tobias and Partl, Hubert and Hyna, Irene and Schlegl, Elisabeth},
    title={The Not So Short Introduction to {LaTeX2e}},
    year={2001},
    month=APR,
    url={www.tex.ac.uk/tex-archive/info/lshort/english/},
    language={english}
}

@manual{Oostrum97,
    author={Oostrum, {Piet van}},
    title={Page layout in {LaTeX}},
    year={1997},
    month=MAY,
    url={www.tex.ac.uk/tex-archive/macros/latex/contrib/supported/fancyhdr/},
    language={english}
}

@manual{Pakin01,
    author={Pakin, Scott},
    title={The Comprehensive {LaTeX} Symbol List},
    year={2001},
    month=JUL,
    url={www.tex.ac.uk/tex-archive/info/symbols/comprehensive/symbols-a4.pdf},
    language={english}
}

@manual{Patashnik88,
    author={Patashnik, Oren},
    title={{BiBTeXing}},
    year={1988},
    month=FEB,
    url={www.literateprogramming.com/btxdoc.pdf},
    language={english}
}

@manual{Raichle98,
    author={Raichle, Bernd},
    title={Kurzbeschreibung {german.sty} und {ngerman.sty}},
    year={1998},
    month=JUL,
    url={www.tex.ac.uk/tex-archive/language/german/gerdoc.pdf},
    language={german}
}

@manual{Schmidt01,
    author={Schmidt, Walter and Knappen, Jörg and Partl, Hubert and Hyna, Irene},
    title={{LaTeX2e} Kurzbeschreibung},
    year={2001},
    month=JUN,
    url={www.tex.ac.uk/tex-archive/info/lshort/german/l2kurz.pdf},
    language={german}
}

@manual{Sommerfeldt07,
    author={Sommerfeldt, Axel},
    title={Setzen von Abbildungs- und Tabellenbeschriftungen mit dem {\tt caption}-Paket},
    year={2007},
    month=APR,
    url={www.tex.ac.uk/tex-archive/macros/latex/contrib/caption/anleitung.pdf},
    language={german}
}

@mastersthesis{Wintersberger00,
    author={Wintersberger, Markus},
    title={Realisierung eines Internet-Auktionshauses basierend auf {PHP} und {MySQL}},
    school={Fachhochschule Hagenberg, Medientechnik und -design},
    year={2000},
    month=JUN,
    address={Hagenberg, Austria},
    language={german}
}

@mastersthesis{Bacher04,
	  author={Bacher, Florian},
	  title={Interaktionsmäglichkeiten mit Bildschirmen 
	         und großflächigen Projektionen},
	  school={Fachhochschule Hagenberg, Medientechnik und -design},
	  year={2004},
	  month=JUN,
	  address={Hagenberg, Austria},
	  type={Bachelorarbeit},
	  url={http://theses.fh-hagenberg.at},
    language={german}
}

@book{BurgerBurge06,
    author={Burger, Wilhelm and Burge, Mark},
    title={Digitale Bildverarbeitung -- 
           Eine Einführung mit Java und ImageJ},
    publisher={Springer-Verlag},
    address={Heidelberg},
    edition={2},
    year={2006},
    language={german}
}

@book{BurgerBurgeEn08,
    title={Digital Image Processing---An Algorithmic Introduction using {Java}},
    author={Burger, Wilhelm and Burge, Mark J.},
    publisher={Springer},
    address={New York},
    year={2008},
    language={english}
}

@manual{amsldoc02,
    organization={American Mathematical Society},
    title={User's Guide for the {\tt amsmath} Package},
    year={2002},
    note={Version 2.0},
    url={ftp://ftp.ams.org/pub/tex/doc/amsmath/amsldoc.pdf},
		language={english},
}

@manual{mathmode09,
    author={Voß, Herbert},
    title={Math mode -- v.2.41},
    year={2009},
    url={http://ctan.tug.org/tex-archive/info/math/voss/mathmode/},
    language={english}
}

@misc{Zappa95,
    author={Zappa, Frank},
    title={Freak Out},
    year={1995},
    month=MAY,
    howpublished={Audio-CD, Rykodisc, New York},
    language={english}
}

@misc{Nosferatu,
    key={Nosferatu},
    title={Nosferatu---A Symphony of Horrors},
    year={1922},
    howpublished={Drehbuch/Regie: F. W. Murnau. 
    Mit Max Schreck, Gustav von Wangenheim, Greta Schröder},
    note={DVD, Film Preservation Associates, London (1991)},
    language={german}
}

@misc{Psycho,
    key={Psycho},
    title={Psycho},
    year={1960},
    howpublished={Regie: Alfred Hitchcock. 
      Drehbuch: Joseph Stefano.
      Nach dem Roman von Robert Bloch. 
      Mit Anthony Perkins, Vera Miles, Janet Leigh},
    note={DVD, Universal Pictures (2003)},
    language={english}
}

@manual{Braams2008,
    author={Braams, Johannes},
    title={Babel, a multilingual package for use with {LaTeX}'s standard document classes},
    month=APR,
    year={2008},
    url={www.ctan.org/tex-archive/macros/latex/required/babel/},
    language={english}
}

@article{Mermin89,
    author={Mermin, N. David},
    title={What's wrong with these equations?},
    journal={Physics Today},
    volume={42},
    number={10},
    year={1989},
    pages={9-11},
    doi={10.1063/1.2811173},
    language={english}
}

@book{Higham98,
    author={Higham, Nicholas J.},
    title={Handbook of Writing for the Mathematical Sciences},
    publisher={Society for Industrial and Applied Mathematics (SIAM)},
    address={Philadelphia},
    edition={2},
    year={1998},
    url={www.maths.manchester.ac.uk/~higham/hwms/},
    language={english}
}


@mastersthesis{Lugmayr07,
		author={Lugmayr, Martin},
		title={Abfragesprachen für {RDF} im Umfeld des "`Semantic Web"'},
		school={Digitale Medien; FH Oberösterreich -- Fakultät für Informatik, Kommunikation und Medien},
		year={2007},
		address={Hagenberg, Austria},
		language={german}
}

@misc{DIN9241-110,
  publisher = {Europäisches Kommittee für Normung},
  title = {Ergonomie der Mensch-System-Interaktion: Teil 110 Grundsätze der Dialoggestaltung},
  howpublished = {DIN 9241-110},
	key = {DIN 9241-110},
  year = 2006,
  language={german}
}

@misc{DIN9241-11,
  howpublished = {DIN EN ISO 9241-11},
	key = {DIN EN ISO 9241-11},
  title = {Ergonomische Anforderungen für Bürotätigkeiten mit Bildschirmgeräten 
Teil 11: Anforderungen an die Gebrauchstauglichkeit - Leitsätze},
  year = 1999,
  month =JAN,
  language={german}
}

@misc {PAT07,
    author = {M. Anisetti and {C.A.} Ardagna and V. Bellandi and E. Damiani},
    howpublished = {European Patent No. EP1765031},
    title = {Method, System, Network and Computer Program Product for Positioning in a Mobile Communications Network},
    month = MAR,
    day = {21},
    year = {2007},
    language={english}
} 



