@misc{MessageFramingCleary,
	title={Message Framing},
	author={Stephen Cleary},
	howpublished={\url{https://blog.stephencleary.com/2009/04/message-framing.html}},
	note={accessed: 2017-08-28}
}

@misc{MessageFramingSkotzko,
	title={Understanding The Internet: How Messages Flow Through TCP Sockets},
	author={Androw Skotzko},
	howpublished={\url{https://andrewskotzko.com/network-fundamentals-how-messages-flow-through-sockets/}},
	note={accessed: 2017-08-28}
}
